<record><leader>00000cas a2200000 a 4500</leader><controlfield tag="001">39365640</controlfield><controlfield tag="008">980629d19061906miuwr n       0    0eng c</controlfield><datafield ind1=" " ind2=" " tag="010"><subfield code="a">sn 98066345 </subfield></datafield><datafield ind1=" " ind2=" " tag="040"><subfield code="a">MHN</subfield><subfield code="b">eng</subfield><subfield code="c">MHN</subfield><subfield code="d">OCL</subfield><subfield code="d">OCLCQ</subfield><subfield code="d">OCLCF</subfield><subfield code="d">OCLCO</subfield></datafield><datafield ind1="1" ind2=" " tag="029"><subfield code="a">AU@</subfield><subfield code="b">000014094728</subfield></datafield><datafield ind1=" " ind2=" " tag="042"><subfield code="a">pcc</subfield></datafield><datafield ind1=" " ind2=" " tag="043"><subfield code="a">n-us-mi</subfield></datafield><datafield ind1="0" ind2="0" tag="245"><subfield code="a">Ann Arbor weekly argus.</subfield></datafield><datafield ind1="1" ind2="3" tag="246"><subfield code="a">Weekly argus</subfield></datafield><datafield ind1=" " ind2=" " tag="260"><subfield code="a">Ann Arbor, Mich. :</subfield><subfield code="b">Argus Pub. Co.</subfield></datafield><datafield ind1=" " ind2=" " tag="300"><subfield code="a">v.</subfield></datafield><datafield ind1=" " ind2=" " tag="310"><subfield code="a">Weekly</subfield></datafield><datafield ind1="0" ind2=" " tag="362"><subfield code="a">Vol. 71, no. 8 (Feb. 23, 1906)-v. 71, no. 49 (Dec. 7, 1906) = whole no. 2711-whole no. 2752.</subfield></datafield><datafield ind1=" " ind2="0" tag="651"><subfield code="a">Ann Arbor (Mich.)</subfield><subfield code="v">Newspapers.</subfield></datafield><datafield ind1=" " ind2="0" tag="651"><subfield code="a">Washtenaw County (Mich.)</subfield><subfield code="v">Newspapers.</subfield></datafield><datafield ind1=" " ind2="7" tag="655"><subfield code="a">Newspapers.</subfield><subfield code="2">fast</subfield><subfield code="0">(OCoLC)fst01423814</subfield></datafield><datafield ind1=" " ind2="7" tag="651"><subfield code="a">Michigan</subfield><subfield code="z">Ann Arbor.</subfield><subfield code="2">fast</subfield><subfield code="0">(OCoLC)fst01204587</subfield></datafield><datafield ind1=" " ind2="7" tag="651"><subfield code="a">Michigan</subfield><subfield code="z">Washtenaw County.</subfield><subfield code="2">fast</subfield><subfield code="0">(OCoLC)fst01214739</subfield></datafield><datafield ind1=" " ind2=" " tag="752"><subfield code="a">United States</subfield><subfield code="b">Michigan</subfield><subfield code="c">Washtenaw</subfield><subfield code="d">Ann Arbor.</subfield></datafield><datafield ind1="0" ind2="0" tag="780"><subfield code="t">Ann Arbor argus-Democrat</subfield><subfield code="w">(DLC)sn 97063342</subfield><subfield code="w">(DLC)sn 37629334</subfield></datafield><datafield ind1="0" ind2="0" tag="785"><subfield code="t">Ann Arbor weekly argus. Ypsilanti sentinel-commercial</subfield><subfield code="w">(DLC)sn 98066349</subfield><subfield code="w">(OCoLC)39364950</subfield></datafield></record>